@article{halpern2011don,
  title={I don't want to think about it now: Decision theory with costly computation},
  author={Halpern, Joseph Y and Pass, Rafael},
  journal={arXiv preprint arXiv:1106.2657},
  year={2011}
}

@inproceedings{am1,
  title={Super-efficient rational proofs},
  author={Azar, Pablo Daniel and Micali, Silvio},
  booktitle={Proceedings of the fourteenth ACM conference on Electronic commerce},
  pages={29--30},
  year={2013},
  organization={ACM}
}

@inproceedings{babai,
  title={Trading group theory for randomness},
  author={Babai, L{\'a}szl{\'o}},
  booktitle={Proceedings of the seventeenth annual ACM symposium on Theory of computing},
  pages={421--429},
  year={1985},
  organization={ACM}
}

@inproceedings{chen2016rational,
  title={Rational proofs with multiple provers},
  author={Chen, Jing and McCauley, Samuel and Singh, Shikha},
  booktitle={Proceedings of the 2016 ACM Conference on Innovations in Theoretical Computer Science},
  pages={237--248},
  year={2016},
  organization={ACM}
}

@article{wb15,
  title={Verifying computations without reexecuting them},
  author={Walfish, Michael and Blumberg, Andrew J},
  journal={Communications of the ACM},
  volume={58},
  number={2},
  pages={74--84},
  year={2015},
  publisher={ACM}
}

@article{SCcompleteness,
  title={Bounded size dictionary compression: {SC}$_k$-completeness and {NC} algorithms},
  author={De Agostino, Sergio and Silvestri, Riccardo},
  journal={Information and Computation},
  volume={180},
  number={2},
  pages={101--112},
  year={2003},
  publisher={Elsevier}
}


@inproceedings{rrr16,
  title={Constant-Round Interactive Proofs for Delegating Computation},
 author={Omer Reingold, Ron Rothblum, Guy Rothblum },
  booktitle={Proceedings of the Forty-Eighth Annual ACM on Symposium on Theory of Computing},
  pages={To appear},
  year={2016},
  organization={ACM}
}

@incollection{ggp10,
  title={Non-interactive verifiable computing: Outsourcing computation to untrusted workers},
  author={Gennaro, Rosario and Gentry, Craig and Parno, Bryan},
  booktitle={Advances in Cryptology--CRYPTO 2010},
  pages={465--482},
  year={2010},
  publisher={Springer}
}

@inproceedings{ggpr13,
  title={Quadratic Span Programs and Succinct {NIZK}s without {PCP}s.},
  author={Gennaro, Rosario and Gentry, Craig and Parno, Bryan and Raykova, Mariana},
  booktitle={EUROCRYPT},
  volume={7881},
  pages={626--645},
  year={2013},
  organization={Springer}
}

@inproceedings{krr14,
  title={How to delegate computations: the power of no-signaling proofs},
  author={Kalai, Yael Tauman and Raz, Ran and Rothblum, Ron D},
  booktitle={Proceedings of the 46th Annual ACM Symposium on Theory of Computing},
  pages={485--494},
  year={2014},
  organization={ACM}
}

@article{gmr,
  title={The knowledge complexity of interactive proof systems},
  author={Goldwasser, Shafi and Micali, Silvio and Rackoff, Charles},
  journal={SIAM Journal on computing},
  volume={18},
  number={1},
  pages={186--208},
  year={1989},
  publisher={SIAM}
}

@inproceedings{ratargs,
  title={Rational arguments: single round delegation with sublinear verification},
  author={Guo, Siyao and Hub{\'a}{\v{c}}ek, Pavel and Rosen, Alon and Vald, Margarita},
  booktitle={Proceedings of the 5th conference on Innovations in theoretical computer science},
  pages={523--540},
  year={2014},
  organization={ACM}
}

@inproceedings{am,
  title={Rational proofs},
  author={Azar, Pablo Daniel and Micali, Silvio},
  booktitle={Proceedings of the forty-fourth annual ACM symposium on Theory of computing},
  pages={1017--1028},
  year={2012},
  organization={ACM}
}

@incollection{cg15,
  title={Sequentially Composable Rational Proofs},
  author={Campanelli, Matteo and Gennaro, Rosario},
  booktitle={Decision and Game Theory for Security},
  pages={270--288},
  year={2015},
  publisher={Springer}
}

@incollection{ratsumchecks,
  title={Rational sumchecks},
  author={Guo, Siyao and Hub{\'a}{\v{c}}ek, Pavel and Rosen, Alon and Vald, Margarita},
  booktitle={Theory of Cryptography},
  pages={319--351},
  year={2016},
  publisher={Springer}
}

@article{brier,
  title={Verification of forecasts expressed in terms of probability},
  author={Brier, Glenn W},
  journal={Monthly weather review},
  volume={78},
  number={1},
  pages={1--3},
  year={1950}
}

@article{seti,
  title={{SETI}@ home: an experiment in public-resource computing},
  author={Anderson, David P and Cobb, Jeff and Korpela, Eric and Lebofsky, Matt and Werthimer, Dan},
  journal={Communications of the ACM},
  volume={45},
  number={11},
  pages={56--61},
  year={2002},
  publisher={ACM}
}

@book{arora2009computational,
  title={Computational complexity: a modern approach},
  author={Arora, Sanjeev and Barak, Boaz},
  year={2009},
  publisher={Cambridge University Press}
}

@article{folding,
  title={Folding@ Home and Genome@ Home: Using distributed computing to tackle previously intractable problems in computational biology},
  author={Larson, Stefan M and Snow, Christopher D and Shirts, Michael and Pande, Vijay S},
  journal={arXiv preprint arXiv:0901.0866},
  year={2009}
}
